@BOOK{book:softarc,
  title = {Software Architecture in Practice},
  publisher = {Addison-Wesley},
  year = {2003},
  author = {Lee Bass, Paul Clements, Rick Kazmann},
  edition = {Second Edition},
  month = {April},
  owner = {Erik Bergersen},
  timestamp = {2011.10.05}
}